<record><leader>00000cas a22000007a 4500</leader><controlfield tag="001">26252981</controlfield><controlfield tag="008">920724d18861932ncuwr ne      0    0eng d</controlfield><datafield ind1=" " ind2=" " tag="010"><subfield code="a">sn 92074069 </subfield></datafield><datafield ind1=" " ind2=" " tag="040"><subfield code="a">NVJ</subfield><subfield code="b">eng</subfield><subfield code="c">NVJ</subfield><subfield code="d">OCLCQ</subfield></datafield><datafield ind1=" " ind2=" " tag="042"><subfield code="a">msc</subfield></datafield><datafield ind1="0" ind2=" " tag="130"><subfield code="a">Franklin press (Franklin, N.C. : 1888)</subfield></datafield><datafield ind1="1" ind2="4" tag="245"><subfield code="a">The Franklin press.</subfield></datafield><datafield ind1=" " ind2=" " tag="260"><subfield code="a">Franklin, Macon Co., N.C. :</subfield><subfield code="b">J.R. Christy, T.J. Christy</subfield></datafield><datafield ind1=" " ind2=" " tag="300"><subfield code="a">v.</subfield></datafield><datafield ind1=" " ind2=" " tag="310"><subfield code="a">Weekly</subfield></datafield><datafield ind1="1" ind2=" " tag="362"><subfield code="a">Began in Mar. 1886.</subfield></datafield><datafield ind1="0" ind2=" " tag="362"><subfield code="a">-v. 47, no. 17 (Apr. 28, 1932).</subfield></datafield><datafield ind1=" " ind2=" " tag="588"><subfield code="a">Description based on: Vol. 1, no. 21 (Aug. 12, 1886).</subfield></datafield><datafield ind1=" " ind2=" " tag="752"><subfield code="a">United States</subfield><subfield code="b">North Carolina</subfield><subfield code="c">Macon</subfield><subfield code="d">Franklin.</subfield></datafield><datafield ind1="0" ind2="7" tag="785"><subfield code="t">Highlands Maconian</subfield><subfield code="w">(DLC)sn 94058266</subfield></datafield><datafield ind1="0" ind2="7" tag="785"><subfield code="t">Franklin press and the Highlands Maconian</subfield><subfield code="w">(DLC)sn 92073966</subfield></datafield></record>